@online{jcommander,
  title={JCommander},
  howpublished = {\url{http://jcommander.org/}},
  author={Beust, C\'{e}dric}
}
@online{jsch,
  title={Java Secure Channel},
  howpublished = {\url{http://www.jcraft.com/jsch/}},
  author={JCraft Inc.}
}
@online{sigar,
  title={Hyperic SIGAR API},
  howpublished = {\url{http://www.hyperic.com/products/sigar}},
  author={Hyperic}
}
@online{aws,
  title={AWS SDK for Java},
  howpublished = {\url{http://aws.amazon.com/sdk-for-java/}},
  author={Amazon Web Services Inc.}
}
@online{zip,
  title={ZipDirectory},
  howpublished = {\url{http://www.avajava.com/tutorials/files/how-do-i-zip-a-directory-and-all-its-contents/ZipDirectory.java}},
  author={Code Strategies}
}

@online{picresize,
  title={PicResize.com},
  howpublished = {\url{http://www.picresize.com/batch.php}},
  author={Internich LLC}
}
